@online{beamer,
  author = {Tantau, Till and MiletiÄ‡, Medran and Wright, Joseph},
  title = {beamer},
  subtitle = {A \LaTeX class for producing presentations and slides},
  url = {https://ctan.org/pkg/beamer},
  urldate = {2020-01-23}
}